@book{perkins2003rtp,
  title={RTP: Audio and Video for the Internet},
  author={Perkins, Colin},
  year={2003},
  publisher={Addison-Wesley Professional}
}

% RFCs
@techreport{RFC3550,
  author = {H. Schulzrinne and S. Casner and R. Frederick and V. Jacobson},
  title = {RTP: A Transport Protocol for Real-Time Applications},
  howpublished = {Internet Requests for Comments},
  type = {STD},
  number = {64},
  year = {2003},
  month = {July},
  issn = {2070-1721},
  publisher = {RFC Editor},
  institution = {RFC Editor},
  url = {http://www.rfc-editor.org/rfc/rfc3550.txt},
  note = {\url{http://www.rfc-editor.org/rfc/rfc3550.txt}},
}

@book{larsen2016system,
  title={System for Artificial Tutoring of Songbirds},
  author={Larsen, L.B. and Syddansk Universitet. M{\ae}rsk Mc-Kinney M{\o}ller Instituttet},
  url={https://books.google.dk/books?id=dgRbtAEACAAJ},
  year={2016},
  publisher={Syddansk Universitet}
}

@article{andreassen2013ultrasonic,
  title={Ultrasonic recording system without intrinsic limits},
  author={Andreassen, T{\'o}rur and Surlykke, Annemarie and Hallam, John and Brandt, David},
  journal={The Journal of the Acoustical Society of America},
  volume={133},
  number={6},
  pages={4008--4018},
  year={2013},
  publisher={ASA}
}
